
@String{PACT = {Proc.\ International Conference on Parallel Architectures and Compilation Techniques (PACT)}}
@String{SC = {Proc.\ High Performance Computing, Networking, Storage and Analysis (SC)}}

@inproceedings{sandberg_reducing_2010,
  title =        {{Reducing Cache Pollution Through Detection and
                  Elimination of Non-Temporal Memory Accesses}},
  booktitle =    SC,
  author =       {Sandberg, Andreas and Ekl\"ov, David and 
                  Hagersten, Erik},
  year =         2010,
  doi =          {10.1109/SC.2010.44},
}

@inproceedings{sandberg_efficient_2012,
  title =        {{Efficient Techniques for Predicting Cache Sharing
                  and Throughput}},
  booktitle =    PACT,
  author =       {Sandberg, Andreas and {Black-Schaffer}, David and
                  Hagersten, Erik},
  year =         2012,
  doi =          {10.1145/2370816.2370861},
}
